@ARTICLE{ahmed2011efficacy, 
	author={Ahmed, S. and Iftekharuddin, K.M. and Vossough, A.}, 
	journal={Info Tech in BioMed, IEEE Trans on}, 
	title={Efficacy of Texture, Shape, and Intensity Feature Fusion for Posterior-Fossa Tumor Segmentation in MRI}, 
	year={2011}, 
	month={March}, 
	volume={15}, 
	number={2}, 
	pages={206-213}, 	
	doi={10.1109/TITB.2011.2104376}, 
	ISSN={1089-7771}
}

@INPROCEEDINGS{bu07feature, 
	author={Hua-Long Bu and Guo-Zheng Li and Xue-Qiang Zeng and Yang, J.Y. and Yang, M.Q.}, 
	booktitle={BioInfo and BioEng, 2007. BIBE 2007. Proceedings of the 7th IEEE International Conference on}, 
	title={Feature Selection and Partial Least Squares Based Dimension Reduction for Tumor Classification}, 
	year={2007}, 
	month={Oct}, 
	pages={967-973}
}

@online{cia,
	title={The Cancer Imaging Archive},
	author={{FNLCR}},
	url={http://cancerimagingarchive.net/},
	note = "[Visited] 16/03/14"
}

@book{cooper1992cancer,
	title={Elements of Human Cancer},
  	author={Cooper, G.M.},
  	series={Biology Series},
  	year={1992},
  	publisher={Jones and Bartlett Publishers}
}

@online{dicom11nema,
	author={{NEMA}},
	title={{DICOM}},
	year={2011},
	url={http://medical.nema.org/Dicom/},
	note = "[Visited] 13/03/14"
}

@ARTICLE{greig92nonlinear, 
	author={Gerig, G. and Kubler, O. and Kikinis, R. and Jolesz, F.A.}, 
	journal={Med Imaging, IEEE Trans on}, 
	title={Nonlinear anisotropic filtering of MRI data}, 
	year={1992}, 
	month={Jun}, 
	volume={11}, 
	number={2}, 
	pages={221-232}
}


@inproceedings{harauz86exact,
  title={Exact filters for general geometry three dimensional reconstruction},
  author={Harauz, George and van Heel, Marin},
  booktitle={Proceedings of the IEEE Computer Vision and Pattern Recognition Conf},
  volume={73},
  pages={146--156},
  year={1986}
}


@INPROCEEDINGS{liu09haptic, 
	author={Liu, Hongbin Liu and Elhage, O. and Dasgupta, Prokar and Challacombe, B. and Murphy, Declan and Seneviratne, L. and Althoefer, K.}, 
	booktitle={Reconfigurable Mechanisms and Robots, 2009. ReMAR 2009. ASME/IFToMM International Con. on}, 
	title={A haptic probe for soft tissue abnormality identification during minimally invasive surgery}, 
	year={2009}, 
	month={June}, 
	pages={417-422}, 
}

@INPROCEEDINGS{kumar2011classification, 
	author={Kumar, V. and Sachdeva, J. and Gupta, I. and Khandelwal, N. and Ahuja, C.K.}, 
	booktitle={Info and Comms Tech (WICT), 2011 World Congress on}, 
	title={Classification of brain tumors using PCA-ANN}, 
	year={2011}, 
	month={Dec}, 
	pages={1079-1083}
}

@ARTICLE{kostis03three, 
	author={Kostis, W.J. and Reeves, A.P. and Yankelevitz, D.F. and Henschke, C.I.}, 
	journal={Med Imaging, IEEE Trans on}, 
	title={Three-dimensional segmentation and growth-rate estimation of small pulmonary nodules in helical CT images}, 
	year={2003}, 
	month={Oct}, 
	volume={22}, 
	number={10}, 
	pages={1259-1274} 
}


@book{lohmann1998volumetric,
  	title={Volumetric Image Analysis},
  	author={Lohmann, G.},
  	isbn={9780471967859},
  	edition={1st},
  	year={1998},
  	publisher={Wiley}
}

@book{kayvan2006biomedical,
 	author = {Kayvan Najarian and Robert Slinter},
 	title = {Biomedical Signal and Image Processing},
 	year = {2006},
	pages ={296-298},
 	isbn = {0849320992},
 	edition = {1st},
 	publisher = {Taylor and Francis Group}
}

@INPROCEEDINGS{li10tumor, 
	author={Baopu Li and Meng, M.Q.-H.}, 
	booktitle={Intelligent Robots and Systems (IROS), 2010 IEEE/RSJ International Con. on}, 
	title={Tumor CE image classification using SVM-based feature selection}, 
	year={2010}, 
	month={Oct}, 
	pages={1322-1327}
}

@ARTICLE{mustafa95speckle, 
	author={Karaman, Mustafa and Kutay, M.A. and Bozdagi, G.}, 
	journal={Medical Imaging, IEEE Transactions on}, 
	title={An adaptive speckle suppression filter for medical ultrasonic imaging}, 
	year={1995}, 
	month={Jun}, 
	volume={14}, 
	number={2}, 
	pages={283-292}
}

@book{nixon02feature,
	author = {Mark Nixon and Alberto Aguado},
	title = {Feature Extraction and Image Processing},
	year = {2002},
	edition = {1st},
	publisher = {Newnes}
}
@book{robb1999biomedical,
 	author = {Robb, Richard A.},
 	title = {Biomedical Imaging, Visualization, and Analysis},
 	year = {1999},
 	isbn = {0471283533},
 	edition = {1st},
 	publisher = {John Wiley \& Sons, Inc.}
} 

@INPROCEEDINGS{sachdeva2011multiclass, 
	author={Sachdeva, J. and Kumar, V. and Gupta, I. and Khandelwal, N. and Ahuja, C.K.}, 
	booktitle={Developments in E-systems Eng. (DeSE), 2011}, 
	title={Multiclass Brain Tumor Classification Using GA-SVM}, 
	year={2011}, 
	month={Dec}, 
	pages={182-187}, 
	keywords={biomedical MRI;brain;genetic algorithms;image classification;image texture;learning (artificial intelligence);medical image processing;support vector machines;tumours;CAD system;GA optimization technique;GA-SVM;GBM;MED;MEN;MET;T1-weighted MR image;astrocytoma;child tumor-Medulloblastoma;genetic algorithm;glioblastoma multiforme;hybrid machine learning system;intensity feature;meningioma;multiclass brain tumor classification;secondary tumor-Metastatic;support vector machine;texture feature;Accuracy;Biological cells;Feature extraction;Genetic algorithms;Image segmentation;Support vector machines;Tumors;GA-SVM;MRI;SROIs;brain tumor;classification}, 
	doi={10.1109/DeSE.2011.31}
}

@online{slicer,
	title={{3DS}licer},
	url={http://www.slicer.org/},
	note = "[Visited] 13/03/14"
}

@article{wellman1997modeling,
  	title={Modeling probe and tissue interaction for tumor feature extraction},
  	author={Wellman, Parris S and Howe, Robert D},
  	journal={ASME-PUBLICATIONS-BED},
  	volume={35},
  	pages={237--238},
  	year={1997},
  	publisher={American Society of Mechanical Engineers}
}

