@ARTICLE{ahmed2011efficacy, 
	author={Ahmed, S. and Iftekharuddin, K.M. and Vossough, A.}, 
	journal={Information Technology in Biomedicine, IEEE Transactions on}, 
	title={Efficacy of Texture, Shape, and Intensity Feature Fusion for Posterior-Fossa Tumor Segmentation in MRI}, 
	year={2011}, 
	month={March}, 
	volume={15}, 
	number={2}, 
	pages={206-213}, 
	keywords={Brownian motion;biomedical MRI;feature extraction;image segmentation;medical image processing;paediatrics;tumours;Kullback-Leibler divergence;T2 MRI;feature selection;fluid attenuation inversion recovery MRI modality;fractal texture;image features;intensity feature fusion;multifractional Brownian motion;multimodal brain MRI;normal tissue;pediatric patients;posterior-fossa tumor segmentation;tumor regions;Feature extraction;Fractals;Image segmentation;Level set;Magnetic resonance imaging;Shape;Tumors;Expectation maximization (EM);Kullbackâ€“Leibler divergence (KLD);MRI modalities;fractal dimension (FD);multi-fractional Brownian motion (mBm);Algorithms;Brain;Child;Fractals;Humans;Image Processing, Computer-Assisted;Infratentorial Neoplasms;Magnetic Resonance Imaging;Principal Component Analysis}, 
	doi={10.1109/TITB.2011.2104376}, 
	ISSN={1089-7771}
}

@INPROCEEDINGS{kumar2011classification, 
	author={Kumar, V. and Sachdeva, J. and Gupta, I. and Khandelwal, N. and Ahuja, C.K.}, 
	booktitle={Information and Communication Technologies (WICT), 2011 World Congress on}, 
	title={Classification of brain tumors using PCA-ANN}, 
	year={2011}, 
	month={Dec}, 
	pages={1079-1083}, 
	keywords={biomedical MRI;feature extraction;gradient methods;image classification;image segmentation;medical image processing;neural nets;principal component analysis;radiology;tumours;GVF boundary based technique;PCA-ANN approach;artificial neural network;astrocytoma;brain tumor;child tumor-medulloblastoma;decision making process;dimensionality reduction;feature extraction;glioblastoma multiforme;gradient vector flow;intensity feature;meningioma;multiclass classification;principal component analysis;radiologist;secondary tumor-metastatic;segmented regions of interest;texture feature;tumor boundaries;user interactive model;weighted MR image;Accuracy;Artificial neural networks;Feature extraction;Gabor filters;Image segmentation;Principal component analysis;Tumors;Gradient Vector Flow (GVF);Principal component analysis (PCA);brain tumor classification;feature extraction;regions of interest (ROIs)}, 
	doi={10.1109/WICT.2011.6141398}
}

@book{lohmann1998volumetric,
  	title={Volumetric Image Analysis},
  	author={Lohmann, G.},
  	isbn={9780471967859},
  	edition={1st},
  	year={1998},
  	publisher={Wiley}
}

@book{robb1999biomedical,
 	author = {Robb, Richard A.},
 	title = {Biomedical Imaging, Visualization, and Analysis},
 	year = {1999},
 	isbn = {0471283533},
 	edition = {1st},
 	publisher = {John Wiley \& Sons, Inc.}
} 

@INPROCEEDINGS{sachdeva2011multiclass, 
	author={Sachdeva, J. and Kumar, V. and Gupta, I. and Khandelwal, N. and Ahuja, C.K.}, 
	booktitle={Developments in E-systems Engineering (DeSE), 2011}, 
	title={Multiclass Brain Tumor Classification Using GA-SVM}, 
	year={2011}, 
	month={Dec}, 
	pages={182-187}, 
	keywords={biomedical MRI;brain;genetic algorithms;image classification;image texture;learning (artificial intelligence);medical image processing;support vector machines;tumours;CAD system;GA optimization technique;GA-SVM;GBM;MED;MEN;MET;T1-weighted MR image;astrocytoma;child tumor-Medulloblastoma;genetic algorithm;glioblastoma multiforme;hybrid machine learning system;intensity feature;meningioma;multiclass brain tumor classification;secondary tumor-Metastatic;support vector machine;texture feature;Accuracy;Biological cells;Feature extraction;Genetic algorithms;Image segmentation;Support vector machines;Tumors;GA-SVM;MRI;SROIs;brain tumor;classification}, 
	doi={10.1109/DeSE.2011.31}
}


@article{wellman1997modeling,
  	title={Modeling probe and tissue interaction for tumor feature extraction},
  	author={Wellman, Parris S and Howe, Robert D},
  	journal={ASME-PUBLICATIONS-BED},
  	volume={35},
  	pages={237--238},
  	year={1997},
  	publisher={American Society of Mechanical Engineers}
}

